@book{roark,
    author  = "Brian E. Roark & Richard Sproat",
    title   = "Computational Approaches to Morphology and Syntax ",
    year    = "2007",
    edition = "Oxford University Press"
}
@online{parserEval,
  author = {Mariana Romanyshyn & Vsevolod Dyomkin},
  title = {The Dirty Little Secret of Constituency Parser Evaluation},
  year = 2014,
  url = {http://tech.grammarly.com/blog/posts/The-Dirty-Little-Secret-of-Constituency-Parser-Evaluation.html},
  urldate = {2010-09-30}
}